<record><leader>00000cas a2200000 a 4500</leader><controlfield tag="001">2258533</controlfield><controlfield tag="008">760620d18401879maucr ne      0   a0eng c</controlfield><datafield ind1=" " ind2=" " tag="010"><subfield code="a">sn 83045273 </subfield></datafield><datafield ind1=" " ind2=" " tag="040"><subfield code="a">PIT</subfield><subfield code="b">eng</subfield><subfield code="c">PIT</subfield><subfield code="d">NPW</subfield><subfield code="d">NPX</subfield><subfield code="d">NPY</subfield><subfield code="d">NPU</subfield><subfield code="d">DLC</subfield><subfield code="d">OCL</subfield><subfield code="d">NPH</subfield><subfield code="d">MFN</subfield><subfield code="d">MGN</subfield><subfield code="d">NVH</subfield><subfield code="d">MGN</subfield><subfield code="d">KNP</subfield><subfield code="d">MGN</subfield><subfield code="d">HUL</subfield><subfield code="d">MGN</subfield><subfield code="d">HUL</subfield><subfield code="d">FUG</subfield><subfield code="d">NVJ</subfield><subfield code="d">NVF</subfield><subfield code="d">OCL</subfield><subfield code="d">OCLCG</subfield><subfield code="d">KRTAS</subfield><subfield code="d">DLC</subfield><subfield code="d">OCLCQ</subfield><subfield code="d">OCLCF</subfield><subfield code="d">DLC</subfield></datafield><datafield ind1="0" ind2=" " tag="022"><subfield code="a">2575-0437</subfield><subfield code="2">1</subfield></datafield><datafield ind1=" " ind2=" " tag="042"><subfield code="a">pcc</subfield><subfield code="a">nsdp</subfield></datafield><datafield ind1=" " ind2=" " tag="043"><subfield code="a">n-us-ma</subfield></datafield><datafield ind1="0" ind2="0" tag="050"><subfield code="a">Newspaper</subfield></datafield><datafield ind1="1" ind2="0" tag="082"><subfield code="a">071.3</subfield><subfield code="2">23</subfield></datafield><datafield ind1=" " ind2="0" tag="222"><subfield code="a">Boston semi-weekly advertiser</subfield></datafield><datafield ind1="0" ind2="0" tag="245"><subfield code="a">Boston semi-weekly advertiser.</subfield></datafield><datafield ind1=" " ind2=" " tag="260"><subfield code="a">Boston, Mass. :</subfield><subfield code="b">Nathan Hale,</subfield><subfield code="c">1840-</subfield></datafield><datafield ind1=" " ind2=" " tag="300"><subfield code="a">volumes</subfield></datafield><datafield ind1=" " ind2=" " tag="310"><subfield code="a">Semiweekly</subfield></datafield><datafield ind1=" " ind2=" " tag="336"><subfield code="a">text</subfield><subfield code="b">txt</subfield><subfield code="2">rdacontent</subfield></datafield><datafield ind1=" " ind2=" " tag="337"><subfield code="a">unmediated</subfield><subfield code="b">n</subfield><subfield code="2">rdamedia</subfield></datafield><datafield ind1=" " ind2=" " tag="338"><subfield code="a">volume</subfield><subfield code="b">nc</subfield><subfield code="2">rdacarrier</subfield></datafield><datafield ind1="0" ind2=" " tag="362"><subfield code="a">Vol. 77, no. 6166 (May 27, 1840)-</subfield></datafield><datafield ind1="1" ind2=" " tag="362"><subfield code="a">Ceased in 1879?</subfield></datafield><datafield ind1=" " ind2=" " tag="500"><subfield code="a">Editors: Charles Hale, Charles F. Dunbar, &lt;1865&gt;.</subfield></datafield><datafield ind1=" " ind2=" " tag="500"><subfield code="a">Published by Charles Hale, 1853-&lt;1863&gt;; Charles Hale &amp; Co., 1864-1865; Dunbar, Waters &amp; Co., 1865-1869; Daily Advertiser Co., 1869-</subfield></datafield><datafield ind1=" " ind2=" " tag="500"><subfield code="a">Printers: Clark, Homer &amp; Lillie, &lt;1840&gt;.</subfield></datafield><datafield ind1=" " ind2=" " tag="530"><subfield code="a">Also issued on microfilm from Spaulding Co., Graphic Microfilm Division, Stoughton, Mass.</subfield></datafield><datafield ind1=" " ind2=" " tag="580"><subfield code="a">Formed by the union of: Boston commercial gazette (Boston, Mass. : Semiweekly), and: Columbian centinel (Boston, Mass. : 1804), and: Independent chronicle &amp; Boston patriot (Boston, Mass. : Semiweekly), and: New-England palladium (Boston, Mass. : 1840).</subfield></datafield><datafield ind1=" " ind2=" " tag="580"><subfield code="a">Weekly eds.: Boston weekly messenger (Boston, Mass. : 1833), 1840-1861, and: Boston daily advertiser (Boston, Mass. : Weekly), 1861-1864, and: Boston weekly advertiser (Boston, Mass. : 1864), 1864-1867, and: Thursday spectator, and Boston weekly advertiser, 1867-1869, and: Boston weekly spectator, 1869-1871, and: Boston weekly advertiser (Boston, Mass. : 1872), &lt;1874-1877&gt;.</subfield></datafield><datafield ind1=" " ind2="0" tag="651"><subfield code="a">Boston (Mass.)</subfield><subfield code="v">Newspapers.</subfield></datafield><datafield ind1=" " ind2="0" tag="651"><subfield code="a">Suffolk County (Mass.)</subfield><subfield code="v">Newspapers.</subfield></datafield><datafield ind1=" " ind2="7" tag="651"><subfield code="a">Massachusetts</subfield><subfield code="z">Boston.</subfield><subfield code="2">fast</subfield><subfield code="0">(OCoLC)fst01205012</subfield></datafield><datafield ind1=" " ind2="7" tag="651"><subfield code="a">Massachusetts</subfield><subfield code="z">Suffolk County.</subfield><subfield code="2">fast</subfield><subfield code="0">(OCoLC)fst01206189</subfield></datafield><datafield ind1=" " ind2="7" tag="655"><subfield code="a">Newspapers.</subfield><subfield code="2">fast</subfield><subfield code="0">(OCoLC)fst01423814</subfield></datafield><datafield ind1="1" ind2=" " tag="700"><subfield code="a">Hale, Nathan,</subfield><subfield code="d">1784-1863.</subfield></datafield><datafield ind1="1" ind2=" " tag="700"><subfield code="a">Hale, Charles,</subfield><subfield code="d">-1882.</subfield></datafield><datafield ind1="1" ind2=" " tag="700"><subfield code="a">Dunbar, Charles Franklin,</subfield><subfield code="d">1830-1900.</subfield></datafield><datafield ind1=" " ind2=" " tag="752"><subfield code="a">United States</subfield><subfield code="b">Massachusetts</subfield><subfield code="c">Suffolk</subfield><subfield code="d">Boston.</subfield></datafield><datafield ind1="0" ind2=" " tag="775"><subfield code="t">Boston daily advertiser (Boston, Mass. : 1836)</subfield><subfield code="w">(DLC)sn 83045175</subfield></datafield><datafield ind1="1" ind2=" " tag="775"><subfield code="t">Boston weekly messenger (Boston, Mass. : 1833)</subfield><subfield code="w">(DLC)sn 83021311</subfield></datafield><datafield ind1="1" ind2=" " tag="775"><subfield code="t">Boston daily advertiser (Boston, Mass. : Weekly)</subfield><subfield code="w">(DLC)sn 83020954</subfield></datafield><datafield ind1="1" ind2=" " tag="775"><subfield code="t">Boston weekly advertiser (Boston, Mass. : 1864)</subfield><subfield code="w">(DLC)sn 83021245</subfield></datafield><datafield ind1="1" ind2=" " tag="775"><subfield code="t">Thursday spectator, and Boston weekly advertiser</subfield><subfield code="w">(DLC)sn 83021312</subfield></datafield><datafield ind1="1" ind2=" " tag="775"><subfield code="t">Boston weekly spectator</subfield><subfield code="w">(DLC)sn 83021313</subfield></datafield><datafield ind1="1" ind2=" " tag="775"><subfield code="t">Boston weekly advertiser (Boston, Mass. : 1872)</subfield><subfield code="w">(DLC)sn 83021314</subfield></datafield><datafield ind1="1" ind2="4" tag="780"><subfield code="t">Boston commercial gazette (Boston, Mass. : Semiweekly)</subfield><subfield code="x">2575-0410</subfield><subfield code="w">(DLC)sn 83021284</subfield><subfield code="w">(OCoLC)10069558</subfield></datafield><datafield ind1="1" ind2="4" tag="780"><subfield code="t">Columbian centinel (Boston, Mass. : 1804)</subfield><subfield code="x">2575-0429</subfield><subfield code="w">(DLC)sn 83021272</subfield><subfield code="w">(OCoLC)10063823</subfield></datafield><datafield ind1="1" ind2="4" tag="780"><subfield code="t">Independent chronicle &amp; Boston patriot (Boston, Mass. : Semiweekly)</subfield><subfield code="x">2575-033X</subfield><subfield code="w">(DLC)sn 83021192</subfield><subfield code="w">(OCoLC)9881700</subfield></datafield><datafield ind1="1" ind2="4" tag="780"><subfield code="t">New-England palladium (Boston, Mass. : 1840)</subfield><subfield code="w">(DLC)sn 91058085</subfield><subfield code="w">(OCoLC)24032692</subfield></datafield><datafield ind1="0" ind2="0" tag="785"><subfield code="t">New England manufacturer</subfield><subfield code="w">(DLC)sn 94055762</subfield></datafield><datafield ind1=" " ind2=" " tag="938"><subfield code="a">Kirtas Technologies, Inc.</subfield><subfield code="b">KRTS</subfield><subfield code="n">734163</subfield></datafield><datafield ind1="1" ind2=" " tag="029"><subfield code="a">AU@</subfield><subfield code="b">000003042177</subfield></datafield></record>